@book{sedgewick_wayne_2011,
  place     = {Upper Saddle River, NJ},
  title     = {Algorithms},
  publisher = {Addison-Wesley},
  author    = {Sedgewick, Robert and Wayne, Kevin Daniel},
  year      = {2011}
} 
@article{dijkstra_1959,
  title  = {A note on two problems in connexion with graphs. Numeriske Mathematik, 1, 269--271},
  author = {Dijkstra, EW},
  year   = {1959}
}
@article{hart_1968,
  author  = {Hart, Peter E. and Nilsson, Nils J. and Raphael, Bertram},
  journal = {IEEE Transactions on Systems Science and Cybernetics},
  title   = {A Formal Basis for the Heuristic Determination of Minimum Cost Paths},
  year    = {1968},
  volume  = {4},
  number  = {2},
  pages   = {100-107},
  doi     = {10.1109/TSSC.1968.300136}
}
@article{gates_1979,
  title     = {Bounds for sorting by prefix reversal},
  author    = {Gates, William H and Papadimitriou, Christos H},
  journal   = {Discrete mathematics},
  volume    = {27},
  number    = {1},
  pages     = {47--57},
  year      = {1979},
  publisher = {Elsevier}
}
