 @article{papadimitriou_1977,
  title   = {The euclidean travelling salesman problem is NP-complete},
  volume  = {4},
  doi     = {10.1016/0304-3975(77)90012-3},
  number  = {3},
  journal = {Theoretical Computer Science},
  author  = {Papadimitriou, Christos H.},
  year    = {1977},
  pages   = {237-244},
  url     = {https://doi.org/10.1016/0304-3975(77)90012-3},
  eprint  = {https://doi.org/10.1016/0304-3975(77)90012-3}
} 

@article{kirkpatrick_1983,
  author  = {S. Kirkpatrick  and C. D. Gelatt  and M. P. Vecchi },
  title   = {Optimization by Simulated Annealing},
  journal = {Science},
  volume  = {220},
  number  = {4598},
  pages   = {671-680},
  year    = {1983},
  doi     = {10.1126/science.220.4598.671},
  url     = {https://www.science.org/doi/abs/10.1126/science.220.4598.671},
  eprint  = {https://www.science.org/doi/pdf/10.1126/science.220.4598.671}
}

@article{dantzig_1954,
  author  = {G. Dantzig and R. Fulkerson and S. Johnson},
  title   = {Solution of a Large-Scale Traveling-Salesman Problem},
  journal = {Journal of the Operations Research Society of America},
  volume  = {2},
  number  = {4},
  pages   = {393-410},
  year    = {1954},
  doi     = {10.1287/opre.2.4.393},
  url     = {https://doi.org/10.1287/opre.2.4.393},
  eprint  = {https://doi.org/10.1287/opre.2.4.393}
}
@article{padberg_1991,
  title     = {A branch-and-cut algorithm for the resolution of large-scale symmetric traveling salesman problems},
  author    = {Padberg, Manfred and Rinaldi, Giovanni},
  journal   = {SIAM review},
  volume    = {33},
  number    = {1},
  pages     = {60--100},
  year      = {1991},
  publisher = {SIAM},
  doi       = {10.1137/1033001},
  url       = {https://doi.org/10.1137/1033004},
  eprint    = {https://doi.org/10.1137/1033004}
}
 @article{karp_1972,
  title   = {Reducibility among combinatorial problems},
  doi     = {10.1007/978-1-4684-2001-2_9},
  journal = {Complexity of Computer Computations},
  author  = {Karp, Richard M.},
  year    = {1972},
  pages   = {85-103}
} 
@article{larranaga_1999,
  title     = {Genetic algorithms for the travelling salesman problem: A review of representations and operators},
  author    = {Larranaga, Pedro and Kuijpers, Cindy M. H. and Murga, Roberto H. and Inza, Inaki and Dizdarevic, Sejla},
  journal   = {Artificial intelligence review},
  volume    = {13},
  pages     = {129--170},
  year      = {1999},
  publisher = {Springer},
  doi       = {10.1023/A:1006529012972}
}
@article{stoer_1997,
  title={A simple min-cut algorithm},
  author={Stoer, Mechthild and Wagner, Frank},
  journal={Journal of the ACM (JACM)},
  volume={44},
  number={4},
  pages={585--591},
  year={1997},
  publisher={ACM New York, NY, USA}
}
@book{korte_2018,
  title={Kombinatorische Optimierung: Theorie und Algorithmen},
  author={Korte, Bernhard and Vygen, Jens},
  year={2018},
  publisher={Springer}
}
@software{john_forrest_2023_7820266,
  author       = {John Forrest and
                  Ted Ralphs and
                  Haroldo Gambini Santos and
                  Stefan Vigerske and
                  John Forrest and
                  Lou Hafer and
                  Bjarni Kristjansson and
                  jpfasano and
                  EdwinStraver and
                  Miles Lubin and
                  Jan-Willem and
                  rlougee and
                  jpgoncal1 and
                  Samuel Brito and
                  h-i-gassmann and
                  Cristina and
                  Matthew Saltzman and
                  tosttost and
                  Bruno Pitrus and
                  Fumiaki MATSUSHIMA and
                  to-st},
  title        = {coin-or/Cbc: Release releases/2.10.9},
  month        = apr,
  year         = 2023,
  publisher    = {Zenodo},
  version      = {releases/2.10.9},
  doi          = {10.5281/zenodo.7820266},
  url          = {https://doi.org/10.5281/zenodo.7820266}
}